<record xmlns="http://www.loc.gov/MARC21/slim">
  <leader>01592nam a2200265 i 4500</leader>
  <controlfield tag="001">009845547</controlfield>
  <controlfield tag="003">RuMoRGB</controlfield>
  <controlfield tag="005">20181226143718.0</controlfield>
  <controlfield tag="008">181226s2018 ru |||| a |00 u rus d</controlfield>
  <datafield tag="017" ind1=" " ind2=" ">
    <subfield code="a">д8666-18</subfield>
    <subfield code="b">RuMoRGB</subfield>
  </datafield>
  <datafield tag="040" ind1=" " ind2=" ">
    <subfield code="a">RuMoRGB</subfield>
    <subfield code="b">rus</subfield>
    <subfield code="c">RuMoRGB</subfield>
  </datafield>
  <datafield tag="041" ind1="0" ind2=" ">
    <subfield code="a">rus</subfield>
  </datafield>
  <datafield tag="072" ind1=" " ind2="7">
    <subfield code="a">14.03.03</subfield>
    <subfield code="2">nsnr</subfield>
  </datafield>
  <datafield tag="100" ind1="1" ind2=" ">
    <subfield code="a">Клабуков, Илья Дмитриевич</subfield>
  </datafield>
  <datafield tag="245" ind1="0" ind2="0">
    <subfield code="a">Многослойная тканеинженерная конструкция на основе биодеградируемых и биосовместимых материалов
      для восстановления поврежденных желчных путей :
    </subfield>
    <subfield code="b">диссертация ... кандидата биологических наук : 14.03.03</subfield>
    <subfield code="c">Клабуков Илья Дмитриевич; [Место защиты: Науч.-исслед. ин-т общ. патологии и патофизиологии
      РАМН]
    </subfield>
  </datafield>
  <datafield tag="260" ind1=" " ind2=" ">
    <subfield code="a">Москва</subfield>
    <subfield code="c">2018</subfield>
  </datafield>
  <datafield tag="300" ind1=" " ind2=" ">
    <subfield code="a">205 с.</subfield>
    <subfield code="b">ил.</subfield>
  </datafield>
  <datafield tag="504" ind1=" " ind2=" ">
    <subfield code="a">Библиогр.: с. 179-205</subfield>
  </datafield>
  <datafield tag="533" ind1=" " ind2=" ">
    <subfield code="a">Имеется электронная копия</subfield>
  </datafield>
  <datafield tag="650" ind1=" " ind2="7">
    <subfield code="a">Патологическая физиология</subfield>
    <subfield code="2">nsnr</subfield>
  </datafield>
  <datafield tag="720" ind1="2" ind2=" ">
    <subfield code="a">Научно-исследовательский институт общей патологии и патофизиологии Российской академии
      медицинских наук
    </subfield>
  </datafield>
  <datafield tag="787" ind1="1" ind2="8">
    <subfield code="w">008717232</subfield>
    <subfield code="i">Автореферат</subfield>
  </datafield>
  <datafield tag="852" ind1="4" ind2=" ">
    <subfield code="a">РГБ</subfield>
    <subfield code="b">OD</subfield>
    <subfield code="j">61 18-3/499</subfield>
    <subfield code="x">81</subfield>
  </datafield>
  <datafield tag="856" ind1="4" ind2="1">
    <subfield code="q">application/pdf</subfield>
    <subfield code="u">http://dlib.rsl.ru/rsl01009000000/rsl01009845000/rsl01009845547/rsl01009845547.pdf</subfield>
  </datafield>
  <datafield tag="979" ind1=" " ind2=" ">
    <subfield code="a">disser</subfield>
  </datafield>
</record>
